@article {LMNS3,
    AUTHOR = {Losev, Andrei and Moore, Gregory and Nekrasov, Nikita and
              Shatashvili, Samson},
     TITLE = {Central extensions of gauge groups revisited},
   JOURNAL = {Selecta Math. (N.S.)},
  FJOURNAL = {Selecta Mathematica. New Series},
    VOLUME = {4},
      YEAR = {1998},
    NUMBER = {1},
     PAGES = {117--123},
      ISSN = {1022-1824},
   MRCLASS = {22E65 (58B25 81R10)},
  MRNUMBER = {1623710},
MRREVIEWER = {C. J. Atkin},
       DOI = {10.1007/s000290050026},
       URL = {https://doi-org.ezproxy.neu.edu/10.1007/s000290050026},
}

@article {LMNS2,
    AUTHOR = {Losev, Andrei and Moore, Gregory and Nekrasov, Nikita and
              Shatashvili, Samson},
     TITLE = {Chiral {L}agrangians, anomalies, supersymmetry, and
              holomorphy},
   JOURNAL = {Nuclear Phys. B},
  FJOURNAL = {Nuclear Physics. B. Theoretical, Phenomenological, and
              Experimental High Energy Physics. Quantum Field Theory and
              Statistical Systems},
    VOLUME = {484},
      YEAR = {1997},
    NUMBER = {1-2},
     PAGES = {196--222},
      ISSN = {0550-3213},
   MRCLASS = {81T50 (81T40)},
  MRNUMBER = {1431695},
MRREVIEWER = {P. Mitra},
       DOI = {10.1016/S0550-3213(96)00612-8},
       URL = {https://doi-org.ezproxy.neu.edu/10.1016/S0550-3213(96)00612-8},
}

@article {LMNS1,
    AUTHOR = {Losev, Andrei and Moore, Gregory and Nekrasov, Nikita and
              Shatashvili, Samson},
     TITLE = {Four-dimensional avatars of two-dimensional {RCFT}},
      NOTE = {$S$-duality and mirror symmetry (Trieste, 1995)},
   JOURNAL = {Nuclear Phys. B Proc. Suppl.},
  FJOURNAL = {Nuclear Physics B. Proceedings Supplement},
    VOLUME = {46},
      YEAR = {1996},
     PAGES = {130--145},
      ISSN = {0920-5632},
   MRCLASS = {81T70 (32G81 58Z05 81T13 81T40)},
  MRNUMBER = {1411466},
MRREVIEWER = {Bruce Hunt},
       DOI = {10.1016/0920-5632(96)00015-1},
       URL = {https://doi-org.ezproxy.neu.edu/10.1016/0920-5632(96)00015-1},
}